// Paginas
@online{f-generatriz,
    autor= "Economypedia",
    title= "Fracción generatriz",
    url={https://economipedia.com/definiciones/fraccion-generatriz.html}
},

@online{p-mult-q,
    autor="Desconocido",
    title= "Propiedades de la Multiplicación en Q",
    url={https://sites.google.com/site/clasesdelosnumerosenteros/matematica-1ero/numeros-racionales/multiplicacion-de-fracciones/propiedades-de-la-multiplicacion-en-q}
},

@online{Ruffini,
    autor= "Clases de Matemáticas Online",
    title= "La Regla de Ruffini",
    url={https://ekuatio.com/la-regla-de-ruffini/}
},



@online{in-frac,
    autor="Superprof",
    title= "Desigualdades (inecuaciones) fraccionarias",
    url={https://www.superprof.es/apuntes/escolar/matematicas/algebra/inecuaciones/inecuaciones-fraccionarias.html}
},

@online{in-valor-absoluto,
    autor="Desconocido",
    title= "Inecuaciones con valor absoluto",
    url={https://www.problemasyecuaciones.com/inecuaciones/valor-absoluto/inecuaciones-valor-absoluto-ejemplos-solucion-intervalos-resueltas.html},

@online{in-frac,
    autor="Superprof",
    title= "Desigualdades (inecuaciones) fraccionarias",
    url={https://www.superprof.es/apuntes/escolar/matematicas/algebra/inecuaciones/inecuaciones-fraccionarias.html}
},


//wikipedia

@misc{wiki:fraccion,
   author = "Wikipedia",
   title = "Fracción",
   url={https://es.wikipedia.org/wiki/Fracci%C3%B3n}
 },

@misc{wiki:Potenciacion,
   author = "Wikipedia",
   title = "Potenciación",
   url={https://es.wikipedia.org/wiki/Potenciaci%C3%B3n}
 },

@misc{wiki:inecuacion,
   author = "Wikipedia",
   title = "Inecuación",
   url={https://es.wikipedia.org/wiki/Inecuaci%C3%B3n}
 },





// recursos-herramientas
@online{Recursos1,
    title="Online calculadora. Descomposición de números en factores",
    url={ http://es.onlinemschool.com/math/assistance/number_theory/multiplier/}
},


